% This file was created with JabRef 2.8.
% Encoding: UTF-8

@BOOK{burden:08,
  title = {\emph{Análise Numérica}},
  publisher = {Cengage},
  year = {2008},
  author = {Richard L. Burden and J. Douglas Faires},
  edition = {Tradução da 8ª edição norte-americana}
}

@manual{gnuplot:09,
  organization = {GNU Plot},
  month = {Setembro},
  year = {2009},
  title = {\emph{Documentation of gnuplot 4.2, An Interactive Plotting Program}},
  note = {Disponível em \url{<http://www.gnuplot.info/docs_4.2/gnuplot.html>}},
}

