% This file was created with JabRef 2.8.
% Encoding: UTF-8

@BOOK{burden:08,
  title = {\emph{Análise Numérica}},
  publisher = {Cengage},
  year = {2008},
  author = {Richard L. Burden and J. Douglas Faires},
  edition = {Tradução da 8ª edição norte-americana}
}

@BOOK{kolman:06,
  title = {\emph{Introdução a Álgebra Linear com Aplicações}},
  publisher = {LTC},
  year = {2006},
  author = {Bernard Kilman and Daviv R. Hill},
  edition = {8ª}
}

@BOOK{santos:06,
  title = {\emph{Métodos Numéricos}},
  publisher = {Editora Universitária UFPE},
  year = {2006},
  author = {Dias dos Santos and Zanomi Carvalho da Silva},
}
